<?xml version="1.0" encoding="UTF-8"?>
<record xmlns="http://www.loc.gov/MARC21/slim" xmlns:xsi="http://www.w3.org/2001/XMLSchema-instance" xsi:schemaLocation="http://www.loc.gov/MARC21/slim http://www.loc.gov/standards/marcxml/schema/MARC21slim.xsd">
<leader>00000cam a22      a 4500</leader>
<controlfield tag="001">000995113</controlfield>
<controlfield tag="003">NNU</controlfield>
<controlfield tag="005">20160224173641.0</controlfield>
<controlfield tag="008">070320s1942    ua abcf       000 0 aradd</controlfield>
<datafield tag="010" ind1=" " ind2=" ">
<subfield code="a">   74202914</subfield>
</datafield>
<datafield tag="035" ind1=" " ind2=" ">
<subfield code="a">(OCoLC)813002876</subfield>
</datafield>
<datafield tag="040" ind1=" " ind2=" ">
<subfield code="a">MNU</subfield>
<subfield code="b">eng</subfield>
<subfield code="c">MNU</subfield>
<subfield code="d">OCLCO</subfield>
<subfield code="d">OCLCF</subfield>
<subfield code="d">OCLCQ</subfield>
<subfield code="d">NNU</subfield>
</datafield>
<datafield tag="043" ind1=" " ind2=" ">
<subfield code="a">f-ua---</subfield>
</datafield>
<datafield tag="050" ind1=" " ind2="4">
<subfield code="a">DT107</subfield>
<subfield code="b">.H55 1942</subfield>
</datafield>
<datafield tag="245" ind1="0" ind2="3">
<subfield code="6">880-01</subfield>
<subfield code="a">al-Hilāl :</subfield>
<subfield code="b">al-kitāb al-dhahabī 1892-1942.</subfield>
</datafield>
<datafield tag="246" ind1="3" ind2=" ">
<subfield code="6">880-02</subfield>
<subfield code="a">Kitāb al-dhahabī 1892-1942</subfield>
</datafield>
<datafield tag="260" ind1=" " ind2=" ">
<subfield code="6">880-03</subfield>
<subfield code="a">[Cairo] :</subfield>
<subfield code="b">[Dār al-Hilāl],</subfield>
<subfield code="c">[1942]</subfield>
</datafield>
<datafield tag="300" ind1=" " ind2=" ">
<subfield code="a">160 pages :</subfield>
<subfield code="b">illustrations, maps, plates (some color). portraits ;</subfield>
<subfield code="c">33 cm</subfield>
</datafield>
<datafield tag="336" ind1=" " ind2=" ">
<subfield code="a">text</subfield>
<subfield code="b">txt</subfield>
<subfield code="2">rdacontent</subfield>
</datafield>
<datafield tag="337" ind1=" " ind2=" ">
<subfield code="a">unmediated</subfield>
<subfield code="b">n</subfield>
<subfield code="2">rdamedia</subfield>
</datafield>
<datafield tag="338" ind1=" " ind2=" ">
<subfield code="a">volume</subfield>
<subfield code="b">nc</subfield>
<subfield code="2">rdacarrier</subfield>
</datafield>
<datafield tag="505" ind1="0" ind2=" ">
<subfield code="a">Taṭawwur Miṣr fī khamsīn sanah -- Mabāḥith ʻArabīyah wa-gharbīyah ʻan al-māḍī wa-al-mustaqbal -- al-Hilāl wa-dār al-hilāl fī khamsīn sanah.</subfield>
</datafield>
<datafield tag="651" ind1=" " ind2="0">
<subfield code="a">Egypt</subfield>
<subfield code="x">History</subfield>
<subfield code="y">British occupation, 1882-1936.</subfield>
</datafield>
<datafield tag="630" ind1="0" ind2="0">
<subfield code="6">880-04</subfield>
<subfield code="a">Hilāl.</subfield>
</datafield>
<datafield tag="610" ind1="2" ind2="0">
<subfield code="6">880-05</subfield>
<subfield code="a">Dār al-Hilāl (Cairo, Egypt)</subfield>
</datafield>
<datafield tag="610" ind1="2" ind2="7">
<subfield code="a">Dār al-Hilāl (Cairo, Egypt)</subfield>
<subfield code="2">fast</subfield>
<subfield code="0">(OCoLC)fst01802899</subfield>
</datafield>
<datafield tag="611" ind1="2" ind2="7">
<subfield code="a">British Occupation of Egypt (1882-1936)</subfield>
<subfield code="2">fast</subfield>
<subfield code="0">(OCoLC)fst01352144</subfield>
</datafield>
<datafield tag="630" ind1="0" ind2="7">
<subfield code="a">Hilāl.</subfield>
<subfield code="2">fast</subfield>
<subfield code="0">(OCoLC)fst01783964</subfield>
</datafield>
<datafield tag="651" ind1=" " ind2="7">
<subfield code="a">Egypt.</subfield>
<subfield code="2">fast</subfield>
<subfield code="0">(OCoLC)fst01208755</subfield>
</datafield>
<datafield tag="648" ind1=" " ind2="7">
<subfield code="a">1882 - 1936.</subfield>
<subfield code="2">fast</subfield>
</datafield>
<datafield tag="655" ind1=" " ind2="7">
<subfield code="a">History.</subfield>
<subfield code="2">fast</subfield>
<subfield code="0">(OCoLC)fst01411628</subfield>
</datafield>
<datafield tag="880" ind1="0" ind2="2">
<subfield code="6">245-01/</subfield>
<subfield code="a">الهلال :</subfield>
<subfield code="b">الكتاب الذهبي ١٨٩٢-١٩٤٢.</subfield>
</datafield>
<datafield tag="880" ind1="3" ind2=" ">
<subfield code="6">246-02/</subfield>
<subfield code="a">كتاب الذهبي ١٨٩٢-١٩٤٢</subfield>
</datafield>
<datafield tag="880" ind1=" " ind2=" ">
<subfield code="6">260-03/</subfield>
<subfield code="a">[القاهرة] :</subfield>
<subfield code="b">[دار الهلال]،</subfield>
<subfield code="c">[1942]</subfield>
</datafield>
<datafield tag="880" ind1="0" ind2="4">
<subfield code="6">630-04/</subfield>
<subfield code="a">هلال.</subfield>
</datafield>
<datafield tag="880" ind1="2" ind2="4">
<subfield code="6">610-05/</subfield>
<subfield code="a">دار الهلال.</subfield>
</datafield>
<datafield tag="OWN" ind1=" " ind2=" ">
<subfield code="a">GENERAL</subfield>
</datafield>
<datafield tag="AVA" ind1=" " ind2=" ">
<subfield code="a">NYU50</subfield>
<subfield code="b">BOBST</subfield>
<subfield code="c">Main Collection</subfield>
<subfield code="d">DT107 .H55 1942 Oversize</subfield>
<subfield code="e">unavailable</subfield>
<subfield code="t">Unavailable</subfield>
<subfield code="f">1</subfield>
<subfield code="g">1</subfield>
<subfield code="h">N</subfield>
<subfield code="i">0</subfield>
<subfield code="j">MAIN</subfield>
<subfield code="k">0</subfield>
</datafield>
</record>
